%YAML 1.1
%TAG !u! tag:unity3d.com,2011:
--- !u!1 &262882761
GameObject:
  m_ObjectHideFlags: 0
  m_CorrespondingSourceObject: {fileID: 0}
  m_PrefabInstance: {fileID: 0}
  m_PrefabAsset: {fileID: 0}
  serializedVersion: 6
  m_Component:
  - component: {fileID: 262882762}
  m_Layer: 0
  m_Name: LeftElbowIK
  m_TagString: Untagged
  m_Icon: {fileID: 7148428337604731935, guid: 0000000000000000d000000000000000, type: 0}
  m_NavMeshLayer: 0
  m_StaticEditorFlags: 0
  m_IsActive: 1
--- !u!4 &262882762
Transform:
  m_ObjectHideFlags: 0
  m_CorrespondingSourceObject: {fileID: 0}
  m_PrefabInstance: {fileID: 0}
  m_PrefabAsset: {fileID: 0}
  m_GameObject: {fileID: 262882761}
  m_LocalRotation: {x: 0, y: 0, z: 0, w: 1}
  m_LocalPosition: {x: -0.4, y: -0.42, z: -0.2}
  m_LocalScale: {x: 1, y: 1, z: 1}
  m_Children: []
  m_Father: {fileID: 6018645857886560218}
  m_RootOrder: 3
  m_LocalEulerAnglesHint: {x: 0, y: 0, z: 0}
--- !u!1 &345193882
GameObject:
  m_ObjectHideFlags: 0
  m_CorrespondingSourceObject: {fileID: 0}
  m_PrefabInstance: {fileID: 0}
  m_PrefabAsset: {fileID: 0}
  serializedVersion: 6
  m_Component:
  - component: {fileID: 345193883}
  m_Layer: 0
  m_Name: LeftHandIK
  m_TagString: Untagged
  m_Icon: {fileID: 7148428337604731935, guid: 0000000000000000d000000000000000, type: 0}
  m_NavMeshLayer: 0
  m_StaticEditorFlags: 0
  m_IsActive: 1
--- !u!4 &345193883
Transform:
  m_ObjectHideFlags: 0
  m_CorrespondingSourceObject: {fileID: 0}
  m_PrefabInstance: {fileID: 0}
  m_PrefabAsset: {fileID: 0}
  m_GameObject: {fileID: 345193882}
  m_LocalRotation: {x: -0.610527, y: -0.000000014901163, z: -0.000000014901163, w: 0.79199547}
  m_LocalPosition: {x: -0.15, y: -0.088, z: -0.044}
  m_LocalScale: {x: 1, y: 1, z: 1}
  m_Children: []
  m_Father: {fileID: 6018645857886560218}
  m_RootOrder: 2
  m_LocalEulerAnglesHint: {x: -75.255005, y: 0, z: 0}
--- !u!1 &462136155
GameObject:
  m_ObjectHideFlags: 0
  m_CorrespondingSourceObject: {fileID: 0}
  m_PrefabInstance: {fileID: 0}
  m_PrefabAsset: {fileID: 0}
  serializedVersion: 6
  m_Component:
  - component: {fileID: 462136156}
  m_Layer: 0
  m_Name: RightElbowIK
  m_TagString: Untagged
  m_Icon: {fileID: -5442936267250999957, guid: 0000000000000000d000000000000000, type: 0}
  m_NavMeshLayer: 0
  m_StaticEditorFlags: 0
  m_IsActive: 1
--- !u!4 &462136156
Transform:
  m_ObjectHideFlags: 0
  m_CorrespondingSourceObject: {fileID: 0}
  m_PrefabInstance: {fileID: 0}
  m_PrefabAsset: {fileID: 0}
  m_GameObject: {fileID: 462136155}
  m_LocalRotation: {x: 0, y: 0, z: 0, w: 1}
  m_LocalPosition: {x: 0.4, y: -0.42, z: -0.2}
  m_LocalScale: {x: 1, y: 1, z: 1}
  m_Children: []
  m_Father: {fileID: 6018645857886560218}
  m_RootOrder: 7
  m_LocalEulerAnglesHint: {x: 0, y: 0, z: 0}
--- !u!1 &705830735
GameObject:
  m_ObjectHideFlags: 0
  m_CorrespondingSourceObject: {fileID: 0}
  m_PrefabInstance: {fileID: 0}
  m_PrefabAsset: {fileID: 0}
  serializedVersion: 6
  m_Component:
  - component: {fileID: 705830736}
  m_Layer: 0
  m_Name: LeftKneeIK
  m_TagString: Untagged
  m_Icon: {fileID: 7148428337604731935, guid: 0000000000000000d000000000000000, type: 0}
  m_NavMeshLayer: 0
  m_StaticEditorFlags: 0
  m_IsActive: 1
--- !u!4 &705830736
Transform:
  m_ObjectHideFlags: 0
  m_CorrespondingSourceObject: {fileID: 0}
  m_PrefabInstance: {fileID: 0}
  m_PrefabAsset: {fileID: 0}
  m_GameObject: {fileID: 705830735}
  m_LocalRotation: {x: 0, y: 0, z: 0, w: 1}
  m_LocalPosition: {x: -0.425, y: -0.543, z: 0.39200002}
  m_LocalScale: {x: 1, y: 1, z: 1}
  m_Children: []
  m_Father: {fileID: 6018645857886560218}
  m_RootOrder: 5
  m_LocalEulerAnglesHint: {x: 0, y: 0, z: 0}
--- !u!1 &1086054130
GameObject:
  m_ObjectHideFlags: 0
  m_CorrespondingSourceObject: {fileID: 0}
  m_PrefabInstance: {fileID: 0}
  m_PrefabAsset: {fileID: 0}
  serializedVersion: 6
  m_Component:
  - component: {fileID: 1086054131}
  m_Layer: 0
  m_Name: Body
  m_TagString: Untagged
  m_Icon: {fileID: 4422084297763085224, guid: 0000000000000000d000000000000000, type: 0}
  m_NavMeshLayer: 0
  m_StaticEditorFlags: 0
  m_IsActive: 1
--- !u!4 &1086054131
Transform:
  m_ObjectHideFlags: 0
  m_CorrespondingSourceObject: {fileID: 0}
  m_PrefabInstance: {fileID: 0}
  m_PrefabAsset: {fileID: 0}
  m_GameObject: {fileID: 1086054130}
  m_LocalRotation: {x: 0.18783729, y: -0, z: 0.0000000074505797, w: 0.98220015}
  m_LocalPosition: {x: 0, y: -0.689, z: -0.465}
  m_LocalScale: {x: 1, y: 1, z: 1}
  m_Children: []
  m_Father: {fileID: 6018645857886560218}
  m_RootOrder: 1
  m_LocalEulerAnglesHint: {x: 21.653002, y: 0, z: 0}
--- !u!1 &1218241722
GameObject:
  m_ObjectHideFlags: 0
  m_CorrespondingSourceObject: {fileID: 0}
  m_PrefabInstance: {fileID: 0}
  m_PrefabAsset: {fileID: 0}
  serializedVersion: 6
  m_Component:
  - component: {fileID: 1218241723}
  m_Layer: 0
  m_Name: RightHandIK
  m_TagString: Untagged
  m_Icon: {fileID: -5442936267250999957, guid: 0000000000000000d000000000000000, type: 0}
  m_NavMeshLayer: 0
  m_StaticEditorFlags: 0
  m_IsActive: 1
--- !u!4 &1218241723
Transform:
  m_ObjectHideFlags: 0
  m_CorrespondingSourceObject: {fileID: 0}
  m_PrefabInstance: {fileID: 0}
  m_PrefabAsset: {fileID: 0}
  m_GameObject: {fileID: 1218241722}
  m_LocalRotation: {x: -0.610527, y: -0.000000014901163, z: -0.000000014901163, w: 0.79199547}
  m_LocalPosition: {x: 0.15, y: -0.088, z: -0.044}
  m_LocalScale: {x: 1, y: 1, z: 1}
  m_Children: []
  m_Father: {fileID: 6018645857886560218}
  m_RootOrder: 6
  m_LocalEulerAnglesHint: {x: -75.255005, y: 0, z: 0}
--- !u!1 &1623668007
GameObject:
  m_ObjectHideFlags: 0
  m_CorrespondingSourceObject: {fileID: 0}
  m_PrefabInstance: {fileID: 0}
  m_PrefabAsset: {fileID: 0}
  serializedVersion: 6
  m_Component:
  - component: {fileID: 1623668008}
  m_Layer: 0
  m_Name: RightKneeIK
  m_TagString: Untagged
  m_Icon: {fileID: -5442936267250999957, guid: 0000000000000000d000000000000000, type: 0}
  m_NavMeshLayer: 0
  m_StaticEditorFlags: 0
  m_IsActive: 1
--- !u!4 &1623668008
Transform:
  m_ObjectHideFlags: 0
  m_CorrespondingSourceObject: {fileID: 0}
  m_PrefabInstance: {fileID: 0}
  m_PrefabAsset: {fileID: 0}
  m_GameObject: {fileID: 1623668007}
  m_LocalRotation: {x: 0, y: 0, z: 0, w: 1}
  m_LocalPosition: {x: 0.425, y: -0.543, z: 0.39200002}
  m_LocalScale: {x: 1, y: 1, z: 1}
  m_Children: []
  m_Father: {fileID: 6018645857886560218}
  m_RootOrder: 9
  m_LocalEulerAnglesHint: {x: 0, y: 0, z: 0}
--- !u!1 &1980278477
GameObject:
  m_ObjectHideFlags: 0
  m_CorrespondingSourceObject: {fileID: 0}
  m_PrefabInstance: {fileID: 0}
  m_PrefabAsset: {fileID: 0}
  serializedVersion: 6
  m_Component:
  - component: {fileID: 1980278478}
  m_Layer: 0
  m_Name: RightFootIK
  m_TagString: Untagged
  m_Icon: {fileID: -5442936267250999957, guid: 0000000000000000d000000000000000, type: 0}
  m_NavMeshLayer: 0
  m_StaticEditorFlags: 0
  m_IsActive: 1
--- !u!4 &1980278478
Transform:
  m_ObjectHideFlags: 0
  m_CorrespondingSourceObject: {fileID: 0}
  m_PrefabInstance: {fileID: 0}
  m_PrefabAsset: {fileID: 0}
  m_GameObject: {fileID: 1980278477}
  m_LocalRotation: {x: -0.7071068, y: 0, z: 0, w: 0.7071068}
  m_LocalPosition: {x: 0.16, y: -1.04, z: -0.102}
  m_LocalScale: {x: 1, y: 1, z: 1}
  m_Children: []
  m_Father: {fileID: 6018645857886560218}
  m_RootOrder: 8
  m_LocalEulerAnglesHint: {x: -90, y: 0, z: 0}
--- !u!1 &1991803070
GameObject:
  m_ObjectHideFlags: 0
  m_CorrespondingSourceObject: {fileID: 0}
  m_PrefabInstance: {fileID: 0}
  m_PrefabAsset: {fileID: 0}
  serializedVersion: 6
  m_Component:
  - component: {fileID: 1991803071}
  m_Layer: 0
  m_Name: LeftFootIK
  m_TagString: Untagged
  m_Icon: {fileID: 7148428337604731935, guid: 0000000000000000d000000000000000, type: 0}
  m_NavMeshLayer: 0
  m_StaticEditorFlags: 0
  m_IsActive: 1
--- !u!4 &1991803071
Transform:
  m_ObjectHideFlags: 0
  m_CorrespondingSourceObject: {fileID: 0}
  m_PrefabInstance: {fileID: 0}
  m_PrefabAsset: {fileID: 0}
  m_GameObject: {fileID: 1991803070}
  m_LocalRotation: {x: -0.7071068, y: 0, z: 0, w: 0.7071068}
  m_LocalPosition: {x: -0.16, y: -1.04, z: -0.10199996}
  m_LocalScale: {x: 1, y: 1, z: 1}
  m_Children: []
  m_Father: {fileID: 6018645857886560218}
  m_RootOrder: 4
  m_LocalEulerAnglesHint: {x: -90, y: 0, z: 0}
--- !u!1 &6018645857886560213
GameObject:
  m_ObjectHideFlags: 0
  m_CorrespondingSourceObject: {fileID: 0}
  m_PrefabInstance: {fileID: 0}
  m_PrefabAsset: {fileID: 0}
  serializedVersion: 6
  m_Component:
  - component: {fileID: 6018645857886560218}
  - component: {fileID: 1887611836}
  m_Layer: 0
  m_Name: ClimbPoint
  m_TagString: Untagged
  m_Icon: {fileID: 7866945982896999795, guid: 0000000000000000d000000000000000, type: 0}
  m_NavMeshLayer: 0
  m_StaticEditorFlags: 0
  m_IsActive: 1
--- !u!4 &6018645857886560218
Transform:
  m_ObjectHideFlags: 0
  m_CorrespondingSourceObject: {fileID: 0}
  m_PrefabInstance: {fileID: 0}
  m_PrefabAsset: {fileID: 0}
  m_GameObject: {fileID: 6018645857886560213}
  m_LocalRotation: {x: 0, y: 0, z: 0, w: 1}
  m_LocalPosition: {x: 0, y: 0, z: 0}
  m_LocalScale: {x: 1, y: 1, z: 1}
  m_Children:
  - {fileID: 6198633202996497666}
  - {fileID: 1086054131}
  - {fileID: 345193883}
  - {fileID: 262882762}
  - {fileID: 1991803071}
  - {fileID: 705830736}
  - {fileID: 1218241723}
  - {fileID: 462136156}
  - {fileID: 1980278478}
  - {fileID: 1623668008}
  m_Father: {fileID: 0}
  m_RootOrder: 0
  m_LocalEulerAnglesHint: {x: 0, y: 0, z: 0}
--- !u!114 &1887611836
MonoBehaviour:
  m_ObjectHideFlags: 0
  m_CorrespondingSourceObject: {fileID: 0}
  m_PrefabInstance: {fileID: 0}
  m_PrefabAsset: {fileID: 0}
  m_GameObject: {fileID: 6018645857886560213}
  m_Enabled: 1
  m_EditorHideFlags: 0
  m_Script: {fileID: 11500000, guid: ffbc28351f50fec4489db73c52f3dfab, type: 3}
  m_Name: 
  m_EditorClassIdentifier: 
  isDismount: 0
  neighbours:
  - point: {fileID: 0}
    direction: {x: 0, y: 1}
    transitionStyle: 0
  - point: {fileID: 0}
    direction: {x: 1, y: 1}
    transitionStyle: 0
  - point: {fileID: 0}
    direction: {x: 1, y: 0}
    transitionStyle: 0
  - point: {fileID: 0}
    direction: {x: 0, y: -1}
    transitionStyle: 0
  - point: {fileID: 0}
    direction: {x: 1, y: -1}
    transitionStyle: 0
  - point: {fileID: 0}
    direction: {x: 0, y: -1}
    transitionStyle: 0
  - point: {fileID: 0}
    direction: {x: -1, y: -1}
    transitionStyle: 0
  - point: {fileID: 0}
    direction: {x: -1, y: 0}
    transitionStyle: 0
  - point: {fileID: 0}
    direction: {x: -1, y: 1}
    transitionStyle: 0
--- !u!1001 &835653646272684540
PrefabInstance:
  m_ObjectHideFlags: 0
  serializedVersion: 2
  m_Modification:
    m_TransformParent: {fileID: 6018645857886560218}
    m_Modifications:
    - target: {fileID: 1998712544328461984, guid: e164bbfba566b2141bfb69fc1fdca468,
        type: 3}
      propertyPath: m_Name
      value: Detail
      objectReference: {fileID: 0}
    - target: {fileID: 6745599073964502270, guid: e164bbfba566b2141bfb69fc1fdca468,
        type: 3}
      propertyPath: m_LocalPosition.x
      value: 0
      objectReference: {fileID: 0}
    - target: {fileID: 6745599073964502270, guid: e164bbfba566b2141bfb69fc1fdca468,
        type: 3}
      propertyPath: m_LocalPosition.y
      value: 0
      objectReference: {fileID: 0}
    - target: {fileID: 6745599073964502270, guid: e164bbfba566b2141bfb69fc1fdca468,
        type: 3}
      propertyPath: m_LocalPosition.z
      value: 0
      objectReference: {fileID: 0}
    - target: {fileID: 6745599073964502270, guid: e164bbfba566b2141bfb69fc1fdca468,
        type: 3}
      propertyPath: m_LocalRotation.x
      value: 0
      objectReference: {fileID: 0}
    - target: {fileID: 6745599073964502270, guid: e164bbfba566b2141bfb69fc1fdca468,
        type: 3}
      propertyPath: m_LocalRotation.y
      value: 0
      objectReference: {fileID: 0}
    - target: {fileID: 6745599073964502270, guid: e164bbfba566b2141bfb69fc1fdca468,
        type: 3}
      propertyPath: m_LocalRotation.z
      value: 0
      objectReference: {fileID: 0}
    - target: {fileID: 6745599073964502270, guid: e164bbfba566b2141bfb69fc1fdca468,
        type: 3}
      propertyPath: m_LocalRotation.w
      value: 1
      objectReference: {fileID: 0}
    - target: {fileID: 6745599073964502270, guid: e164bbfba566b2141bfb69fc1fdca468,
        type: 3}
      propertyPath: m_RootOrder
      value: 0
      objectReference: {fileID: 0}
    - target: {fileID: 6745599073964502270, guid: e164bbfba566b2141bfb69fc1fdca468,
        type: 3}
      propertyPath: m_LocalEulerAnglesHint.x
      value: 0
      objectReference: {fileID: 0}
    - target: {fileID: 6745599073964502270, guid: e164bbfba566b2141bfb69fc1fdca468,
        type: 3}
      propertyPath: m_LocalEulerAnglesHint.y
      value: 0
      objectReference: {fileID: 0}
    - target: {fileID: 6745599073964502270, guid: e164bbfba566b2141bfb69fc1fdca468,
        type: 3}
      propertyPath: m_LocalEulerAnglesHint.z
      value: 0
      objectReference: {fileID: 0}
    - target: {fileID: 1495535492330999252, guid: e164bbfba566b2141bfb69fc1fdca468,
        type: 3}
      propertyPath: m_LocalRotation.y
      value: 0
      objectReference: {fileID: 0}
    - target: {fileID: 1495535492330999252, guid: e164bbfba566b2141bfb69fc1fdca468,
        type: 3}
      propertyPath: m_LocalRotation.w
      value: 1
      objectReference: {fileID: 0}
    - target: {fileID: 1495535492330999252, guid: e164bbfba566b2141bfb69fc1fdca468,
        type: 3}
      propertyPath: m_LocalEulerAnglesHint.y
      value: 0
      objectReference: {fileID: 0}
    m_RemovedComponents: []
  m_SourcePrefab: {fileID: 100100000, guid: e164bbfba566b2141bfb69fc1fdca468, type: 3}
--- !u!4 &6198633202996497666 stripped
Transform:
  m_CorrespondingSourceObject: {fileID: 6745599073964502270, guid: e164bbfba566b2141bfb69fc1fdca468,
    type: 3}
  m_PrefabInstance: {fileID: 835653646272684540}
  m_PrefabAsset: {fileID: 0}
